<record><leader>00000cas a2200000 i 4500</leader><controlfield tag="001">12212347</controlfield><controlfield tag="008">850628d18831947inuwr ne      0    0eng c</controlfield><datafield ind1=" " ind2=" " tag="010"><subfield code="a">sn 85047974 </subfield></datafield><datafield ind1=" " ind2=" " tag="040"><subfield code="a">NPI</subfield><subfield code="b">eng</subfield><subfield code="e">rda</subfield><subfield code="c">NPI</subfield><subfield code="d">OCLCQ</subfield><subfield code="d">IUL</subfield><subfield code="d">OCLCF</subfield><subfield code="d">IUL</subfield></datafield><datafield ind1=" " ind2=" " tag="042"><subfield code="a">pcc</subfield></datafield><datafield ind1=" " ind2=" " tag="043"><subfield code="a">n-us-in</subfield></datafield><datafield ind1="0" ind2="0" tag="245"><subfield code="a">Martin County tribune.</subfield></datafield><datafield ind1=" " ind2="1" tag="264"><subfield code="a">Shoals, Ind. :</subfield><subfield code="b">Motsinger &amp; Masten,</subfield><subfield code="c">-1947.</subfield></datafield><datafield ind1=" " ind2=" " tag="300"><subfield code="a">volumes :</subfield><subfield code="b">illustrations ;</subfield><subfield code="c">56 cm</subfield></datafield><datafield ind1=" " ind2=" " tag="310"><subfield code="a">Weekly</subfield></datafield><datafield ind1=" " ind2=" " tag="336"><subfield code="a">text</subfield><subfield code="b">txt</subfield><subfield code="2">rdacontent</subfield></datafield><datafield ind1=" " ind2=" " tag="337"><subfield code="a">unmediated</subfield><subfield code="b">n</subfield><subfield code="2">rdamedia</subfield></datafield><datafield ind1=" " ind2=" " tag="338"><subfield code="a">volume</subfield><subfield code="b">nc</subfield><subfield code="2">rdacarrier</subfield></datafield><datafield ind1="1" ind2=" " tag="362"><subfield code="a">Began around 1883.</subfield><subfield code="z">Cf. Gregory, W. American newspapers.</subfield></datafield><datafield ind1="0" ind2=" " tag="362"><subfield code="a">-v. 88, no. 38 (July 3, 1947).</subfield></datafield><datafield ind1=" " ind2=" " tag="500"><subfield code="a">Includes special VE-Day issue (May 10, 1945).</subfield></datafield><datafield ind1=" " ind2=" " tag="500"><subfield code="a">"Pro-Republican party paper." Cf. Miller.</subfield></datafield><datafield ind1=" " ind2=" " tag="500"><subfield code="a">Publisher: Henry Wood, &lt;1890-&gt;</subfield></datafield><datafield ind1=" " ind2=" " tag="500"><subfield code="a">Published in Loogootee, Ind., &lt;May 1889-&gt;</subfield></datafield><datafield ind1=" " ind2=" " tag="588"><subfield code="a">Description based on: Volume XIII, number 34 (January 20, 1888); title from masthead, U.S. Newspaper Archive (viewed July 20, 2017).</subfield></datafield><datafield ind1=" " ind2="0" tag="651"><subfield code="a">Shoals (Ind.)</subfield><subfield code="v">Newspapers.</subfield></datafield><datafield ind1=" " ind2="0" tag="651"><subfield code="a">Loogootee (Ind.)</subfield><subfield code="v">Newspapers.</subfield></datafield><datafield ind1=" " ind2="0" tag="651"><subfield code="a">Martin County (Ind.)</subfield><subfield code="v">Newspapers.</subfield></datafield><datafield ind1=" " ind2="7" tag="651"><subfield code="a">Indiana</subfield><subfield code="z">Loogootee.</subfield><subfield code="2">fast</subfield><subfield code="0">(OCoLC)fst01234209</subfield></datafield><datafield ind1=" " ind2="7" tag="651"><subfield code="a">Indiana</subfield><subfield code="z">Martin County.</subfield><subfield code="2">fast</subfield><subfield code="0">(OCoLC)fst01218133</subfield></datafield><datafield ind1=" " ind2="7" tag="651"><subfield code="a">Indiana</subfield><subfield code="z">Shoals.</subfield><subfield code="2">fast</subfield><subfield code="0">(OCoLC)fst01254522</subfield></datafield><datafield ind1=" " ind2="7" tag="655"><subfield code="a">Newspapers.</subfield><subfield code="2">fast</subfield><subfield code="0">(OCoLC)fst01423814</subfield></datafield><datafield ind1=" " ind2=" " tag="752"><subfield code="a">United States</subfield><subfield code="b">Indiana</subfield><subfield code="c">Martin</subfield><subfield code="d">Shoals.</subfield></datafield><datafield ind1=" " ind2=" " tag="752"><subfield code="a">United States</subfield><subfield code="b">Indiana</subfield><subfield code="c">Martin</subfield><subfield code="d">Loogootee.</subfield></datafield><datafield ind1="0" ind2="0" tag="785"><subfield code="t">Loogootee tribune</subfield><subfield code="w">(DLC)sn 85047975</subfield><subfield code="w">(OCoLC)12212441</subfield></datafield><datafield ind1="4" ind2="1" tag="856"><subfield code="u">https://access.newspaperarchive.com/us/indiana/loogootee/loogootee-martin-county-tribune</subfield></datafield><datafield ind1="4" ind2="1" tag="856"><subfield code="u">https://access.newspaperarchive.com/us/indiana/shoals/shoals-martin-county-tribune/</subfield></datafield></record>